<record><leader>00000cas a22000007a 4500</leader><controlfield tag="001">19675663</controlfield><controlfield tag="008">890508d18821884mouwr ne      0    0eng d</controlfield><datafield ind1=" " ind2=" " tag="010"><subfield code="a">sn 89066541 </subfield></datafield><datafield ind1=" " ind2=" " tag="040"><subfield code="a">MQN</subfield><subfield code="b">eng</subfield><subfield code="c">MQN</subfield><subfield code="d">OCLCQ</subfield></datafield><datafield ind1=" " ind2=" " tag="042"><subfield code="a">msc</subfield></datafield><datafield ind1="0" ind2="4" tag="245"><subfield code="a">The Greenback derrick.</subfield></datafield><datafield ind1=" " ind2=" " tag="260"><subfield code="a">California, Moniteau County, Mo. :</subfield><subfield code="b">J.R. Miller,</subfield><subfield code="c">1882-</subfield></datafield><datafield ind1=" " ind2=" " tag="300"><subfield code="a">v.</subfield></datafield><datafield ind1=" " ind2=" " tag="310"><subfield code="a">Weekly</subfield></datafield><datafield ind1="0" ind2=" " tag="362"><subfield code="a">Vol. 1, no. 1 (Mar. 25, 1882)-</subfield></datafield><datafield ind1="1" ind2=" " tag="362"><subfield code="a">Ceased in 1884?</subfield></datafield><datafield ind1=" " ind2=" " tag="752"><subfield code="a">United States</subfield><subfield code="b">Missouri</subfield><subfield code="c">Moniteau</subfield><subfield code="d">California.</subfield></datafield><datafield ind1="0" ind2="0" tag="780"><subfield code="t">Moniteau monitor</subfield><subfield code="w">(DLC)sn 89066540</subfield></datafield><datafield ind1="0" ind2="0" tag="785"><subfield code="t">Newspaper (California, Mo.)</subfield><subfield code="w">(DLC)sn 89066542</subfield></datafield></record>